<record><leader>00000cas a2200000 a 4500</leader><controlfield tag="001">13650710</controlfield><controlfield tag="008">860528d18911931mouwr ne      0    0eng d</controlfield><datafield ind1=" " ind2=" " tag="010"><subfield code="a">sn 86063648 </subfield></datafield><datafield ind1=" " ind2=" " tag="040"><subfield code="a">KSH</subfield><subfield code="b">eng</subfield><subfield code="c">KSH</subfield><subfield code="d">NPT</subfield><subfield code="d">MQN</subfield><subfield code="d">OCL</subfield><subfield code="d">OCLCQ</subfield></datafield><datafield ind1=" " ind2=" " tag="042"><subfield code="a">msc</subfield></datafield><datafield ind1="0" ind2=" " tag="130"><subfield code="a">Pacific transcript (Pacific, Mo. : 1891)</subfield></datafield><datafield ind1="1" ind2="0" tag="245"><subfield code="a">Pacific transcript.</subfield></datafield><datafield ind1=" " ind2=" " tag="260"><subfield code="a">Pacific, Mo. :</subfield><subfield code="b">C.L. Phifer,</subfield><subfield code="c">-1931.</subfield></datafield><datafield ind1=" " ind2=" " tag="300"><subfield code="a">v.</subfield></datafield><datafield ind1=" " ind2=" " tag="310"><subfield code="a">Weekly</subfield></datafield><datafield ind1="1" ind2=" " tag="362"><subfield code="a">Began in 1891.</subfield><subfield code="z">Cf. Ayer, 1926.</subfield></datafield><datafield ind1="0" ind2=" " tag="362"><subfield code="a">-v. 49, no. 28 (Jan. 9, 1931).</subfield></datafield><datafield ind1=" " ind2=" " tag="588"><subfield code="a">Description based on: Vol. 4, no. 34 (May 3, 1895).</subfield></datafield><datafield ind1=" " ind2=" " tag="752"><subfield code="a">United States</subfield><subfield code="b">Missouri</subfield><subfield code="c">Franklin</subfield><subfield code="d">Pacific.</subfield></datafield><datafield ind1="0" ind2="7" tag="785"><subfield code="t">Pacific plowman</subfield><subfield code="w">(DLC)sn 90061351</subfield></datafield><datafield ind1="0" ind2="7" tag="785"><subfield code="t">Plowman-transcript</subfield><subfield code="w">(DLC)sn 90061352</subfield></datafield><datafield ind1="1" ind2=" " tag="029"><subfield code="a">AU@</subfield><subfield code="b">000022168704</subfield></datafield></record>